[gd_scene load_steps=5 format=2]

[ext_resource path="res://environment/Obstacles/TreePine.tscn" type="PackedScene" id=1]
[ext_resource path="res://environment/cabins/Medium Cabin.tscn" type="PackedScene" id=2]
[ext_resource path="res://environment/Maps/Lot Template.tscn" type="PackedScene" id=3]
[ext_resource path="res://environment/Obstacles/RockFormationMedium.tscn" type="PackedScene" id=4]

[node name="Lot 4" type="Spatial"]

[node name="Lot Base" parent="." instance=ExtResource( 3 )]

[node name="Decorations" type="Spatial" parent="."]

[node name="TreePine3" parent="Decorations" instance=ExtResource( 1 )]
transform = Transform( -1.74846e-07, 0, -4, 0, 3, 0, 4, 0, -1.74846e-07, 0, 0, -6 )

[node name="TreePine4" parent="Decorations" instance=ExtResource( 1 )]
transform = Transform( 2.12132, 0, -2.12132, 0, 2.49, 0, 2.12132, 0, 2.12132, -4, 0, -3.5 )

[node name="TreePine11" parent="Decorations" instance=ExtResource( 1 )]
transform = Transform( 2.12132, 0, -2.12132, 0, 2.322, 0, 2.12132, 0, 2.12132, -3, 0, -6 )

[node name="TreePine6" parent="Decorations" instance=ExtResource( 1 )]
transform = Transform( -2, 0, 3.01992e-07, 0, 3, 0, -3.01992e-07, 0, -2, 3, 0, -4.5 )

[node name="TreePine7" parent="Decorations" instance=ExtResource( 1 )]
transform = Transform( -4.37114e-08, 0, -1, 0, 0.745, 0, 1, 0, -4.37114e-08, -2.1, 0, -0.55 )

[node name="TreePine8" parent="Decorations" instance=ExtResource( 1 )]
transform = Transform( -2.89778, 0, -0.776457, 0, 2.132, 0, 0.776457, 0, -2.89778, -3.65, 0, -1.1 )

[node name="TreePine10" parent="Decorations" instance=ExtResource( 1 )]
transform = Transform( -2.89778, 0, -0.776457, 0, 2.132, 0, 0.776457, 0, -2.89778, 2.6, 0, -1 )

[node name="TreePine9" parent="Decorations" instance=ExtResource( 1 )]
transform = Transform( 1.93185, 0, -0.517638, 0, 1, 0, 0.517638, 0, 1.93185, 3.6, 0, -3 )

[node name="TreePine5" parent="Decorations" instance=ExtResource( 1 )]
transform = Transform( -1.74846e-07, 0, -4, 0, 2.4, 0, 4, 0, -1.74846e-07, 3, 0, -7 )

[node name="RockFormationMedium" parent="Decorations" instance=ExtResource( 4 )]
transform = Transform( 1.5, 0, 0, 0, 1.5, 0, 0, 0, 1.5, 1, 0, -1 )

[node name="Medium Cabin" parent="." instance=ExtResource( 2 )]
transform = Transform( 1, 0, 0, 0, 1, 0, 0, 0, 1, -0.5, 0, -1.5 )
