[gd_scene load_steps=5 format=2]

[ext_resource path="res://environment/Obstacles/SnowFort.tscn" type="PackedScene" id=1]
[ext_resource path="res://environment/Obstacles/TreePine.tscn" type="PackedScene" id=2]
[ext_resource path="res://environment/Maps/Lot Template.tscn" type="PackedScene" id=3]
[ext_resource path="res://environment/cabins/Medium Cabin.tscn" type="PackedScene" id=4]



[node name="Lot 6" type="Spatial"]

[node name="Lot Base" parent="." instance=ExtResource( 3 )]

[node name="Decorations" type="Spatial" parent="."]

[node name="Medium Cabin" parent="Decorations" instance=ExtResource( 4 )]
transform = Transform( 1, 0, 0, 0, 1, 0, 0, 0, 1, -0.5, 0, -1 )

[node name="SnowFort" parent="." instance=ExtResource( 1 )]
transform = Transform( 1, 0, 0, 0, 1, 0, 0, 0, 1, 1.5, 0, -0.5 )

[node name="TreePine" parent="." instance=ExtResource( 2 )]
transform = Transform( 1.8, 0, 0, 0, 1.96, 0, 0, 0, 1.8, 2, 0, -5.5 )

[node name="TreePine2" parent="." instance=ExtResource( 2 )]
transform = Transform( 1.28558, 0, 1.53209, 0, 1.89, 0, -1.53209, 0, 1.28558, 3, 0, -2 )

[node name="TreePine3" parent="." instance=ExtResource( 2 )]
transform = Transform( -0.517638, 0, -1.93185, 0, 1, 0, 1.93185, 0, -0.517638, 3.75, 0, -3.1 )

[node name="TreePine4" parent="." instance=ExtResource( 2 )]
transform = Transform( -2, 0, -7.78829e-07, 0, 2.5, 0, 7.78829e-07, 0, -2, 3, 0, -4 )

[node name="TreePine5" parent="." instance=ExtResource( 2 )]
transform = Transform( -2, 0, -6.51683e-07, 0, 1.89, 0, 6.51683e-07, 0, -2, -3.5, 0, -1 )

[node name="TreePine6" parent="." instance=ExtResource( 2 )]
transform = Transform( 1.28558, 0, 1.53209, 0, 1, 0, -1.53209, 0, 1.28558, 4, 0, -1.5 )

[node name="TreePine7" parent="." instance=ExtResource( 2 )]
transform = Transform( 3, 0, 0, 0, 2.5, 0, 0, 0, 3, 0.5, 0, -5 )

[node name="TreePine8" parent="." instance=ExtResource( 2 )]
transform = Transform( 2, 0, 0, 0, 1, 0, 0, 0, 2, -4.25, 0, -2.1 )

[node name="TreePine9" parent="." instance=ExtResource( 2 )]
transform = Transform( -2, 0, -6.51683e-07, 0, 1.89, 0, 6.51683e-07, 0, -2, -3.5, 0, -5 )
