[gd_scene load_steps=4 format=2]

[ext_resource path="res://environment/Obstacles/TreePine.tscn" type="PackedScene" id=1]
[ext_resource path="res://environment/cabins/Tiny Cabin2.tscn" type="PackedScene" id=2]
[ext_resource path="res://environment/Maps/Lot Template.tscn" type="PackedScene" id=3]

[node name="Lot 1" type="Spatial"]

[node name="Lot" parent="." instance=ExtResource( 3 )]

[node name="Decorations" type="Spatial" parent="."]

[node name="Trees" type="Spatial" parent="Decorations"]

[node name="TreePine" parent="Decorations/Trees" instance=ExtResource( 1 )]
transform = Transform( 2, 0, 0, 0, 1, 0, 0, 0, 2, -4, 0, -1 )

[node name="TreePine6" parent="Decorations/Trees" instance=ExtResource( 1 )]
transform = Transform( 2.5, 0, 0, 0, 1.548, 0, 0, 0, 2.5, -2.5, 0, -1 )

[node name="TreePine7" parent="Decorations/Trees" instance=ExtResource( 1 )]
transform = Transform( 2.5, 0, 0, 0, 2.061, 0, 0, 0, 2.5, 4, 0, -3.5 )

[node name="TreePine8" parent="Decorations/Trees" instance=ExtResource( 1 )]
transform = Transform( 1.76777, 0, 1.76777, 0, 1.548, 0, -1.76777, 0, 1.76777, 2.5, 0, -5 )

[node name="TreePine9" parent="Decorations/Trees" instance=ExtResource( 1 )]
transform = Transform( 1.25, 0, 2.16506, 0, 1.548, 0, -2.16506, 0, 1.25, -3.5, 0, -3.5 )

[node name="TreePine2" parent="Decorations/Trees" instance=ExtResource( 1 )]
transform = Transform( 2, 0, 0, 0, 1.626, 0, 0, 0, 2, -1, 0, -6.5 )

[node name="TreePine3" parent="Decorations/Trees" instance=ExtResource( 1 )]
transform = Transform( 2, 0, 0, 0, 1, 0, 0, 0, 2, -2.5, 0, -5 )

[node name="TreePine4" parent="Decorations/Trees" instance=ExtResource( 1 )]
transform = Transform( 1, 0, 0, 0, 1, 0, 0, 0, 1, 0.8, 0, -0.6 )

[node name="TreePine10" parent="Decorations/Trees" instance=ExtResource( 1 )]
transform = Transform( 0.5, 0, -0.866025, 0, 1, 0, 0.866025, 0, 0.5, -0.7, 0, -0.6 )

[node name="TreePine5" parent="Decorations/Trees" instance=ExtResource( 1 )]
transform = Transform( 2, 0, 0, 0, 2, 0, 0, 0, 2, 3, 0, -2 )

[node name="Tiny Cabin " parent="." instance=ExtResource( 2 )]
transform = Transform( -4.37114e-08, 0, 1, 0, 1, 0, -1, 0, -4.37114e-08, 1.5, 0, -3.5 )
