[gd_scene load_steps=9 format=2]

[ext_resource path="res://environment/Maps/Map.tscn" type="PackedScene" id=1]
[ext_resource path="res://environment.tres" type="Environment" id=2]
[ext_resource path="res://Main.gd" type="Script" id=3]
[ext_resource path="res://christmas.theme" type="Theme" id=4]
[ext_resource path="res://UILayer.gd" type="Script" id=5]
[ext_resource path="res://Sled.tscn" type="PackedScene" id=9]

[sub_resource type="CubeMesh" id=1]
size = Vector3( 4, 1, 4 )

[sub_resource type="SpatialMaterial" id=2]
albedo_color = Color( 0.996078, 0, 0.0941176, 1 )

[node name="Main" type="Spatial"]
script = ExtResource( 3 )

[node name="Map" parent="." instance=ExtResource( 1 )]

[node name="Sled" parent="." instance=ExtResource( 9 )]
transform = Transform( -1, 0, -8.74228e-08, 0, 1, 0, 8.74228e-08, 0, -1, 2, 0, 2 )

[node name="Camera" type="Camera" parent="."]
transform = Transform( 0.866025, 0.25, -0.433013, 0, 0.866025, 0.5, 0.5, -0.433013, 0.75, -1, 4, 5 )
projection = 1
size = 5.0

[node name="DirectionalLight" type="DirectionalLight" parent="."]
transform = Transform( 0.856411, -0.331867, 0.395504, 0, 0.766044, 0.642788, -0.516294, -0.550491, 0.656049, 14.0639, 4.5, 5 )
light_color = Color( 1, 1, 0.960784, 1 )
shadow_enabled = true
shadow_color = Color( 0, 0, 0.270588, 1 )
directional_shadow_split_1 = 0.05
directional_shadow_split_2 = 0.1
directional_shadow_split_3 = 0.15
directional_shadow_blend_splits = true
directional_shadow_max_distance = 10.0

[node name="PlayAreaMesh" type="MeshInstance" parent="."]
transform = Transform( 1, 0, 0, 0, 1, 0, 0, 0, 1, 2, 0, 2 )
visible = false
mesh = SubResource( 1 )
material/0 = SubResource( 2 )

[node name="WorldEnvironment" type="WorldEnvironment" parent="."]
environment = ExtResource( 2 )

[node name="UILayer" type="CanvasLayer" parent="."]
script = ExtResource( 5 )

[node name="PlayButton" type="Button" parent="UILayer"]
anchor_left = 0.3
anchor_top = 0.7
anchor_right = 0.7
anchor_bottom = 0.8
margin_left = -25.0
margin_top = -10.0
margin_right = 25.0
margin_bottom = 10.0
theme = ExtResource( 4 )
text = "Play"
__meta__ = {
"_edit_use_anchors_": false
}

[node name="Label" type="Label" parent="UILayer"]
anchor_right = 1.0
margin_top = 100.0
margin_bottom = 14.0
theme = ExtResource( 4 )
text = "Santa's  Very  Careful  Helper"
align = 1
__meta__ = {
"_edit_use_anchors_": false
}
[connection signal="play_button_pressed" from="UILayer" to="." method="_on_UILayer_play_button_pressed"]
[connection signal="pressed" from="UILayer/PlayButton" to="UILayer" method="_on_PlayButton_pressed"]
