[gd_scene load_steps=11 format=2]

[ext_resource path="res://environment/cabin_parts/CabinWindowLarge.tscn" type="PackedScene" id=1]
[ext_resource path="res://environment/cabin_parts/CabinWindow.tscn" type="PackedScene" id=2]
[ext_resource path="res://environment/cabin_parts/CabinFloor.tscn" type="PackedScene" id=3]
[ext_resource path="res://environment/cabin_parts/CabinWall.tscn" type="PackedScene" id=4]
[ext_resource path="res://environment/cabin_parts/CabinDoor.tscn" type="PackedScene" id=5]
[ext_resource path="res://environment/cabin_parts/CabinRoofCenter.tscn" type="PackedScene" id=6]
[ext_resource path="res://environment/cabin_parts/CabinSide.tscn" type="PackedScene" id=7]
[ext_resource path="res://environment/cabin_parts/CabinRoof.tscn" type="PackedScene" id=8]
[ext_resource path="res://environment/cabin_parts/CabinCorner.tscn" type="PackedScene" id=9]
[ext_resource path="res://environment/cabin_parts/CabinSideCenter.tscn" type="PackedScene" id=10]

[node name="Cabin Medium 2" type="Spatial"]

[node name="Floor" type="Spatial" parent="."]

[node name="CabinFloor" parent="Floor" instance=ExtResource( 3 )]
transform = Transform( 1, 0, 0, 0, 1, 0, 0, 0, 1, 0, 0, 0.5 )

[node name="CabinFloor2" parent="Floor" instance=ExtResource( 3 )]
transform = Transform( 1, 0, 0, 0, 1, 0, 0, 0, 1, -1, 0, 1.5 )

[node name="CabinFloor5" parent="Floor" instance=ExtResource( 3 )]
transform = Transform( 1, 0, 0, 0, 1, 0, 0, 0, 1, -1, 0, 2.5 )

[node name="CabinFloor3" parent="Floor" instance=ExtResource( 3 )]
transform = Transform( 1, 0, 0, 0, 1, 0, 0, 0, 1, 0, 0, 1.5 )

[node name="CabinFloor6" parent="Floor" instance=ExtResource( 3 )]
transform = Transform( 1, 0, 0, 0, 1, 0, 0, 0, 1, 0, 0, 2.5 )

[node name="CabinFloor4" parent="Floor" instance=ExtResource( 3 )]
transform = Transform( 1, 0, 0, 0, 1, 0, 0, 0, 1, 1, 0, 1.5 )

[node name="CabinFloor8" parent="Floor" instance=ExtResource( 3 )]
transform = Transform( 1, 0, 0, 0, 1, 0, 0, 0, 1, 2, 0, 1.5 )

[node name="CabinFloor9" parent="Floor" instance=ExtResource( 3 )]
transform = Transform( 1, 0, 0, 0, 1, 0, 0, 0, 1, 2, 0, 2.5 )

[node name="CabinFloor10" parent="Floor" instance=ExtResource( 3 )]
transform = Transform( 1, 0, 0, 0, 1, 0, 0, 0, 1, 3, 0, 1.5 )

[node name="CabinFloor11" parent="Floor" instance=ExtResource( 3 )]
transform = Transform( 1, 0, 0, 0, 1, 0, 0, 0, 1, 3, 0, 2.5 )

[node name="CabinFloor7" parent="Floor" instance=ExtResource( 3 )]
transform = Transform( 1, 0, 0, 0, 1, 0, 0, 0, 1, 1, 0, 2.5 )

[node name="Walls" type="Spatial" parent="."]

[node name="CabinDoor" parent="Walls" instance=ExtResource( 5 )]

[node name="CabinWall" parent="Walls" instance=ExtResource( 4 )]
transform = Transform( -4.37114e-08, 0, 1, 0, 1, 0, -1, 0, -4.37114e-08, -1.5, 0, 1.5 )

[node name="CabinWall4" parent="Walls" instance=ExtResource( 4 )]
transform = Transform( -4.37114e-08, 0, 1, 0, 1, 0, -1, 0, -4.37114e-08, -1.5, 0, 2.5 )

[node name="CabinWall5" parent="Walls" instance=ExtResource( 4 )]
transform = Transform( -4.37114e-08, 0, 1, 0, 1, 0, -0.6, 0, -2.62268e-08, 3.5, 0, 2.7 )

[node name="CabinWall6" parent="Walls" instance=ExtResource( 4 )]
transform = Transform( -4.37114e-08, 0, 1, 0, 1, 0, -0.5, 0, -2.18557e-08, 3.5, 0, 1.25 )

[node name="CabinWall2" parent="Walls" instance=ExtResource( 4 )]
transform = Transform( -0.5, 0, -1.50996e-07, 0, 1, 0, 7.54979e-08, 0, -1, 1.75, 0, 1 )

[node name="CabinWall3" parent="Walls" instance=ExtResource( 4 )]
transform = Transform( -0.5, 0, -4.37114e-08, 0, 1, 0, 8.74228e-08, 0, -1, 3.25, 0, 1 )

[node name="CabinWall8" parent="Walls" instance=ExtResource( 4 )]
transform = Transform( -1, 0, -8.74228e-08, 0, 1, 0, 8.74228e-08, 0, -1, 2, 0, 3 )

[node name="CabinWall7" parent="Walls" instance=ExtResource( 4 )]
transform = Transform( -1, 0, -8.74228e-08, 0, 1, 0, 8.74228e-08, 0, -1, 3, 0, 3 )

[node name="CabinWall10" parent="Walls" instance=ExtResource( 4 )]
transform = Transform( -1, 0, -8.74228e-08, 0, 1, 0, 8.74228e-08, 0, -1, 0, 0, 3 )

[node name="CabinWall11" parent="Walls" instance=ExtResource( 4 )]
transform = Transform( -1, 0, -8.74228e-08, 0, 1, 0, 8.74228e-08, 0, -1, -1, 0, 3 )

[node name="CabinWall9" parent="Walls" instance=ExtResource( 4 )]
transform = Transform( -1, 0, -8.74228e-08, 0, 1, 0, 8.74228e-08, 0, -1, 1, 0, 3 )

[node name="CabinWindow" parent="Walls" instance=ExtResource( 2 )]
transform = Transform( -4.37114e-08, 0, -1, 0, 1, 0, 1, 0, -4.37114e-08, 3.5, 0, 2 )

[node name="CabinWindow3" parent="Walls" instance=ExtResource( 2 )]
transform = Transform( -4.37114e-08, 0, -1, 0, 1, 0, 1, 0, -4.37114e-08, 0.5, 0, 0.5 )

[node name="CabinWindow4" parent="Walls" instance=ExtResource( 2 )]
transform = Transform( 1, 0, 0, 0, 1, 0, 0, 0, 1, 2.5, 0, 1 )

[node name="CabinWindow2" parent="Walls" instance=ExtResource( 2 )]
transform = Transform( -4.37114e-08, 0, -1, 0, 1, 0, 1, 0, -4.37114e-08, -0.5, 0, 0.5 )

[node name="CabinWindowLarge" parent="Walls" instance=ExtResource( 1 )]
transform = Transform( 1, 0, 0, 0, 1, 0, 0, 0, 1, 1, 0, 1 )

[node name="CabinWindowLarge2" parent="Walls" instance=ExtResource( 1 )]
transform = Transform( 1, 0, 0, 0, 1, 0, 0, 0, 1, -1, 0, 1 )

[node name="CabinCorner" parent="Walls" instance=ExtResource( 9 )]
transform = Transform( 1, 0, 0, 0, 1, 0, 0, 0, 1, 0.5, 0, 0 )

[node name="CabinCorner5" parent="Walls" instance=ExtResource( 9 )]
transform = Transform( -4.37114e-08, 0, -1, 0, 1, 0, 1, 0, -4.37114e-08, 3.5, 0, 3 )

[node name="CabinCorner6" parent="Walls" instance=ExtResource( 9 )]
transform = Transform( 1, 0, 0, 0, 1, 0, 0, 0, 1, 3.5, 0, 1 )

[node name="CabinCorner2" parent="Walls" instance=ExtResource( 9 )]
transform = Transform( -4.37114e-08, 0, 1, 0, 1, 0, -1, 0, -4.37114e-08, -0.5, 0, 0 )

[node name="CabinCorner3" parent="Walls" instance=ExtResource( 9 )]
transform = Transform( -4.37114e-08, 0, 1, 0, 1, 0, -1, 0, -4.37114e-08, -1.5, 0, 1 )

[node name="CabinCorner4" parent="Walls" instance=ExtResource( 9 )]
transform = Transform( -1, 0, -8.74228e-08, 0, 1, 0, 8.74228e-08, 0, -1, -1.5, 0, 3 )

[node name="CabinSide4" parent="Walls" instance=ExtResource( 7 )]
transform = Transform( -4.37114e-08, 0, 1, 0, 1.05, 0, -1.1025, 0, -4.81918e-08, 3.5, 0.95, 1.44875 )

[node name="CabinSide3" parent="Walls" instance=ExtResource( 7 )]
transform = Transform( 4.37114e-08, 0, 1, 0, 1.05, 0, 1.1025, 0, -4.81918e-08, 3.5, 0.95, 2.55125 )

[node name="CabinSide6" parent="Walls" instance=ExtResource( 7 )]
transform = Transform( 1.40095e-07, 0, -1, 0, 1.05, 0, 1.1025, 0, 1.35615e-07, -1.5, 0.95, 2.55125 )

[node name="CabinSide5" parent="Walls" instance=ExtResource( 7 )]
transform = Transform( -1.40095e-07, 0, -1, 0, 1.05, 0, -1.1025, 0, 1.35615e-07, -1.5, 0.95, 1.44875 )

[node name="Roof" type="Spatial" parent="."]

[node name="CabinRoof" parent="Roof" instance=ExtResource( 8 )]
transform = Transform( -4.37114e-08, 0, 1, 0, 1, 0, -1, 0, -4.37114e-08, 2, 1, 1.5 )

[node name="CabinRoof3" parent="Roof" instance=ExtResource( 8 )]
transform = Transform( -4.37114e-08, 0, 1, 0, 1, 0, -1, 0, -4.37114e-08, 3, 1, 1.5 )

[node name="CabinRoof2" parent="Roof" instance=ExtResource( 8 )]
transform = Transform( -4.37114e-08, 0, 1, 0, 1, 0, -1, 0, -4.37114e-08, 1, 1, 1.5 )

[node name="CabinRoof4" parent="Roof" instance=ExtResource( 8 )]
transform = Transform( -4.37114e-08, 0, 1, 0, 1, 0, -1, 0, -4.37114e-08, 0, 1, 1.5 )

[node name="CabinRoof5" parent="Roof" instance=ExtResource( 8 )]
transform = Transform( -4.37114e-08, 0, 1, 0, 1, 0, -1, 0, -4.37114e-08, -1, 1, 1.5 )

[node name="CabinRoof6" parent="Roof" instance=ExtResource( 8 )]
transform = Transform( 4.37114e-08, 0, 1, 0, 1, 0, 1, 0, -4.37114e-08, -1, 1, 2.5 )

[node name="CabinRoof7" parent="Roof" instance=ExtResource( 8 )]
transform = Transform( 4.37114e-08, 0, 1, 0, 1, 0, 1, 0, -4.37114e-08, 0, 1, 2.5 )

[node name="CabinRoof8" parent="Roof" instance=ExtResource( 8 )]
transform = Transform( 4.37114e-08, 0, 1, 0, 1, 0, 1, 0, -4.37114e-08, 1.15, 1, 2.5 )

[node name="CabinRoof9" parent="Roof" instance=ExtResource( 8 )]
transform = Transform( 4.37114e-08, 0, 1, 0, 1, 0, 1, 0, -4.37114e-08, 2.3, 1, 2.5 )

[node name="CabinRoof10" parent="Roof" instance=ExtResource( 8 )]
transform = Transform( 4.37114e-08, 0, 1, 0, 1, 0, 1, 0, -4.37114e-08, 3, 1, 2.5 )

[node name="CabinRoofCenter" parent="Roof" instance=ExtResource( 6 )]
transform = Transform( 1, 0, 0, 0, 1, 0, 0, 0, 1.87, 0, 1, 0.9 )

[node name="CabinSideCenter" parent="Roof" instance=ExtResource( 10 )]
transform = Transform( -1.05, 0, -1.2517e-07, 0, 1.05, 0, 1.19209e-07, 0, -1, 0, 0.95, 0 )
