[gd_scene load_steps=9 format=2]

[ext_resource path="res://environment/cabin_parts/CabinCorner.tscn" type="PackedScene" id=1]
[ext_resource path="res://environment/cabin_parts/CabinRoofChimney.tscn" type="PackedScene" id=2]
[ext_resource path="res://environment/cabin_parts/CabinDoor.tscn" type="PackedScene" id=3]
[ext_resource path="res://environment/cabin_parts/CabinFloor.tscn" type="PackedScene" id=4]
[ext_resource path="res://environment/cabin_parts/CabinWindow.tscn" type="PackedScene" id=5]
[ext_resource path="res://environment/cabin_parts/CabinSide.tscn" type="PackedScene" id=6]
[ext_resource path="res://environment/cabin_parts/CabinRoof.tscn" type="PackedScene" id=7]
[ext_resource path="res://environment/cabin_parts/CabinWall.tscn" type="PackedScene" id=8]

[node name="Tiny Cabin " type="Spatial"]
transform = Transform( 1, 0, 0, 0, 1, 0, 0, 0, 1, 1, 0, 0 )

[node name="Roof" type="Spatial" parent="."]

[node name="CabinRoof2" parent="Roof" instance=ExtResource( 7 )]
transform = Transform( 1, 0, 0, 0, 1, 0, 0, 0, 1.2, -0.5, 0.97, -1.367 )

[node name="CabinRoof3" parent="Roof" instance=ExtResource( 7 )]
transform = Transform( 1, 0, 0, 0, 1, 0, 0, 0, 0.80928, -0.5, 0.97, -0.4 )

[node name="CabinRoof4" parent="Roof" instance=ExtResource( 7 )]
transform = Transform( -1, 0, 0, 0, 1, 0, 0, 0, 0.890208, -1.5, 0.97, -1.55 )

[node name="CabinRoofChimney" parent="Roof" instance=ExtResource( 2 )]
transform = Transform( -1, 0, -8.74228e-08, 0, 1, 0, 8.74228e-08, 0, -1, -1.5, 0.97, -0.512 )

[node name="Walls" type="Spatial" parent="."]

[node name="CabinCorner" parent="Walls" instance=ExtResource( 1 )]
transform = Transform( -4.37114e-08, 0, -1, 0, 1, 0, 1, 0, -4.37114e-08, 0, 0, 0 )

[node name="CabinCorner3" parent="Walls" instance=ExtResource( 1 )]
transform = Transform( 1, 0, -1.06581e-14, 0, 1, 0, 1.06581e-14, 0, 1, 0, 0, -2 )

[node name="CabinCorner4" parent="Walls" instance=ExtResource( 1 )]
transform = Transform( -4.37114e-08, 0, 1, 0, 1, 0, -1, 0, -4.37114e-08, -2, 0, -2 )

[node name="CabinCorner2" parent="Walls" instance=ExtResource( 1 )]
transform = Transform( -1, 0, -8.74228e-08, 0, 1, 0, 8.74228e-08, 0, -1, -2, 0, 0 )

[node name="CabinDoor" parent="Walls" instance=ExtResource( 3 )]
transform = Transform( -4.37114e-08, 0, -1, 0, 1, 0, 1, 0, -4.37114e-08, -2, 0, -1 )

[node name="CabinWall" parent="Walls" instance=ExtResource( 8 )]
transform = Transform( -4.37114e-08, 0, 1, 0, 1, 0, -1, 0, -4.37114e-08, 0, 0, -0.5 )

[node name="CabinWall4" parent="Walls" instance=ExtResource( 8 )]
transform = Transform( -4.37114e-08, 0, 1, 0, 1, 0, -0.5, 0, -2.18557e-08, -2, 0, -0.3 )

[node name="CabinWall5" parent="Walls" instance=ExtResource( 8 )]
transform = Transform( -4.37114e-08, 0, 1, 0, 1, 0, -0.5, 0, -2.18557e-08, -2, 0, -1.75 )

[node name="CabinWall3" parent="Walls" instance=ExtResource( 8 )]
transform = Transform( 1, 0, 1.06581e-14, 0, 1, 0, -1.06581e-14, 0, 1, -0.5, 0, 0 )

[node name="CabinWall2" parent="Walls" instance=ExtResource( 8 )]
transform = Transform( -4.37114e-08, 0, 1, 0, 1, 0, -1, 0, -4.37114e-08, 0, 0, -1.5 )

[node name="CabinWindow" parent="Walls" instance=ExtResource( 5 )]
transform = Transform( 1, 0, 0, 0, 1, 0, 0, 0, 1, -1.5, 0, 0 )

[node name="CabinWindow2" parent="Walls" instance=ExtResource( 5 )]
transform = Transform( 1, 0, 0, 0, 1, 0, 0, 0, 1, -1.5, 0, -2 )

[node name="CabinWindow5" parent="Walls" instance=ExtResource( 5 )]
transform = Transform( 1, 0, 0, 0, 1, 0, 0, 0, 1, -0.5, 0, -2 )

[node name="CabinFloor" parent="Walls" instance=ExtResource( 4 )]
transform = Transform( 1, 0, 0, 0, 1, 0, 0, 0, 1, -0.5, 0, -0.5 )

[node name="CabinFloor2" parent="Walls" instance=ExtResource( 4 )]
transform = Transform( 1, 0, 0, 0, 1, 0, 0, 0, 1, -1.5, 0, -0.5 )

[node name="CabinFloor4" parent="Walls" instance=ExtResource( 4 )]
transform = Transform( 1, 0, 0, 0, 1, 0, 0, 0, 1, -0.5, 0, -1.5 )

[node name="CabinFloor3" parent="Walls" instance=ExtResource( 4 )]
transform = Transform( 1, 0, 0, 0, 1, 0, 0, 0, 1, -1.5, 0, -1.5 )

[node name="CabinSide" parent="Walls" instance=ExtResource( 6 )]
transform = Transform( 1, 0, 0, 0, 1, 0, 0, 0, 1, -0.5, 0.97, 0 )

[node name="CabinSide2" parent="Walls" instance=ExtResource( 6 )]
transform = Transform( -1, 3.25841e-07, 3.25841e-07, 3.25841e-07, 1, 0, 3.25841e-07, -1.06173e-13, 1, -1.5, 0.97, 0 )

[node name="CabinSide4" parent="Walls" instance=ExtResource( 6 )]
transform = Transform( -1, 0, -8.74228e-08, 0, 1, 0, 8.74228e-08, 0, -1, -1.5, 0.97, -2 )

[node name="CabinSide3" parent="Walls" instance=ExtResource( 6 )]
transform = Transform( 1, -3.25841e-07, -4.13264e-07, 3.25841e-07, 1, 0, -4.13264e-07, 1.34659e-13, -1, -0.5, 0.97, -2 )
